@inproceedings{zer13,
   author="E. Zermelo",
   title="{\"U}ber eine Anwendung der Mengenlehre auf die Theorie
des Schachspiels",
    booktitle="Proceedings of the Fifth Congress of Mathematicians (Cambridge 1912)",
    publisher="Cambridge University Press",
    year="1913",
    pages="501-504"
}

@article{browne2012survey,
  title={A survey of monte carlo tree search methods},
  author={Browne, Cameron B and Powley, Edward and Whitehouse, Daniel and Lucas, Simon M and Cowling, Peter I and Rohlfshagen, Philipp and Tavener, Stephen and Perez, Diego and Samothrakis, Spyridon and Colton, Simon},
  journal={Computational Intelligence and AI in Games, IEEE Transactions on},
  volume={4},
  number={1},
  pages={1--43},
  year={2012},
  publisher={IEEE}
}

@article{carpinteiro1999hierarchical,
  title={A hierarchical self-organizing map model for sequence recognition},
  author={Carpinteiro, Ot{\'a}vio Augusto S},
  journal={Neural Processing Letters},
  volume={9},
  pages={209--220},
  year={1999},
  publisher={Springer}
}

@article{chen2005music,
  title={A music recommendation system based on music and user grouping},
  author={Chen, Hung-Chen and Chen, Arbee LP},
  journal={Journal of Intelligent Information Systems},
  volume={24},
  number={2-3},
  pages={113--132},
  year={2005},
  publisher={Springer}
}

@article{fernandez2013ai,
  title={AI methods in algorithmic composition: A comprehensive survey},
  author={Fern{\'a}ndez, Jose D and Vico, Francisco},
  journal={Journal of Artificial Intelligence Research},
  pages={513--582},
  year={2013}
}

@book{nierhaus2009algorithmic,
  title={Algorithmic composition: paradigms of automated music generation},
  author={Nierhaus, Gerhard},
  year={2009},
  publisher={Springer Science \& Business Media}
}

@article{arcos2001interactive,
  title={An interactive case-based reasoning approach for generating expressive music},
  author={Arcos, Josep Llu{\'\i}s and De M{\'a}ntaras, Ramon L{\'o}pez},
  journal={Applied Intelligence},
  volume={14},
  number={1},
  pages={115--129},
  year={2001},
  publisher={Springer}
}

@inproceedings{shottstaedt1989automatic,
  title={Automatic counterpoint},
  author={Shottstaedt, William},
  booktitle={Current directions in computer music research},
  pages={199--214},
  year={1989},
  organization={MIT Press}
}

@article{collins2011chopin,
  title={Chopin, mazurkas and Markov},
  author={Collins, Tom and Laney, Robin and Willis, Alistair and Garthwaite, Paul H},
  journal={Significance},
  volume={8},
  number={4},
  pages={154--159},
  year={2011},
  publisher={Wiley Online Library}
}

@inproceedings{chen2001creating,
  title={Creating melodies with evolving recurrent neural networks},
  author={Chen, Chun-Chi J and Miikkulainen, Risto},
  booktitle={Neural Networks, 2001. Proceedings. IJCNN'01. International Joint Conference on},
  volume={3},
  pages={2241--2246},
  year={2001},
  organization={IEEE}
}
@article{herremans2012composing,
  title={Composing first species counterpoint with a variable neighbourhood search algorithm},
  author={Herremans, Dorien and S{\"o}rensen, Kenneth},
  journal={Journal of Mathematics and the Arts},
  volume={6},
  number={4},
  pages={169--189},
  year={2012},
  publisher={Taylor \& Francis}
}
@article{cope1992computer,
  title={Computer modeling of musical intelligence in EMI},
  author={Cope, David},
  journal={Computer Music Journal},
  volume={16},
  number={2},
  pages={69--83},
  year={1992},
  publisher={JSTOR}
}

@article{eppe162015computational,
  title={Computational invention of cadences and chord progressions by conceptual chord-blending},
  author={Eppe16, Manfred and Confalonieri, Roberto and Maclean, Ewen and Kaliakatsos, Maximos and Cambouropoulos, Emilios and Schorlemmer, Marco and Codescu, Mihai and K{\"u}hnberger, Kai-Uwe},
  year={2015}
}

@article{tojo2013computational,
  title={Computational Reconstruction of Cognitive Music Theory},
  author={Tojo, Satoshi and Hirata, Keiji and Hamanaka, Masatoshi},
  journal={New Generation Computing},
  volume={31},
  number={2},
  pages={89--113},
  year={2013},
  publisher={Springer}
}

@techreport{jacobsevolving,
  title={Evolving Musical Counterpoint},
  author={Jacobs, Jeffrey Power and Reggia, James A},
  year={2012}
}

@article{plans2012experience,
  title={Experience-driven procedural music generation for games},
  author={Plans, David and Morelli, Davide},
  journal={Computational Intelligence and AI in Games, IEEE Transactions on},
  volume={4},
  number={3},
  pages={192--198},
  year={2012},
  publisher={IEEE}
}

@incollection{acevedo2004fugue,
  title={Fugue composition with counterpoint melody generation using genetic algorithms},
  author={Acevedo, Andres Garay},
  booktitle={Computer Music Modeling and Retrieval},
  pages={96--106},
  year={2004},
  publisher={Springer}
}

@book{Hofstadter:1979:GEB:539932,
 author = {Hofstadter, Douglas R.},
 title = {Godel, Escher, Bach: An Eternal Golden Braid},
 year = {1979},
 isbn = {0465026850},
 publisher = {Basic Books, Inc.},
 address = {New York, NY, USA},
} 

@book{fux1944study,
  title={The Study of Counterpoint},
  author={Fux, Johann Joseph and Mann, Alfred},
  year={1944},
  publisher={JSTOR}
}
@inproceedings{phon2009generating,
  title={Generating tonal counterpoint using reinforcement learning},
  author={Phon-Amnuaisuk, Somnuk},
  booktitle={Neural Information Processing},
  pages={580--589},
  year={2009},
  organization={Springer}
}

@book{bruhn1993js,
  title={JS Bach's well-tempered clavier: In-depth analysis and interpretation},
  author={Bruhn, Siglind},
  volume={4},
  year={1993},
  publisher={Siglind Bruhn}
}

@article{jimenez2011mining,
  title={Mining transposed motifs in music},
  author={Jim{\'e}nez, A{\'\i}da and Molina-Solana, Miguel and Berzal, Fernando and Fajardo, Waldo},
  journal={Journal of Intelligent Information Systems},
  volume={36},
  number={1},
  pages={99--115},
  year={2011},
  publisher={Springer}
}

@inproceedings{rosin2011nested,
  title={Nested rollout policy adaptation for Monte Carlo tree search},
  author={Rosin, Christopher D},
  booktitle={Proceedings of the Twenty-Second international joint conference on Artificial Intelligence-Volume Volume One},
  pages={649--654},
  year={2011},
  organization={AAAI Press}
}

@inproceedings{cazenave2009nested,
  title={Nested Monte-Carlo Search.},
  author={Cazenave, Tristan},
  booktitle={IJCAI},
  volume={9},
  pages={456--461},
  year={2009}
}

@article{lara2014balance,
  title={On balance and dynamism in procedural content generation with self-adaptive evolutionary algorithms},
  author={Lara-Cabrera, Ra{\'u}l and Cotta, Carlos and Fern{\'a}ndez-Leiva, Antonio J},
  journal={Natural Computing},
  volume={13},
  number={2},
  pages={157--168},
  year={2014},
  publisher={Springer}
}

@article{tobudic2006relational,
  title={Relational IBL in classical music},
  author={Tobudic, Asmir and Widmer, Gerhard},
  journal={Machine Learning},
  volume={64},
  number={1-3},
  pages={5--24},
  year={2006},
  publisher={Springer}
}

@article{togelius2011search,
  title={Search-based procedural content generation: A taxonomy and survey},
  author={Togelius, Julian and Yannakakis, Georgios N and Stanley, Kenneth O and Browne, Cameron},
  journal={Computational Intelligence and AI in Games, IEEE Transactions on},
  volume={3},
  number={3},
  pages={172--186},
  year={2011},
  publisher={IEEE}
}
@book{perle1972serial,
  title={Serial composition and atonality: an introduction to the music of Schoenberg, Berg, and Webern},
  author={Perle, George},
  year={1972},
  publisher={Univ of California Press}
}
@article{alpern1995techniques,
  title={Techniques for algorithmic composition of music},
  author={Alpern, Adam},
  journal={On the web: http://hamp. hampshire. edu/adaF92/algocomp/algocomp},
  volume={95},
  pages={120},
  year={1995},
  publisher={Citeseer}
}

@article{vallim2015unsupervised,
  title={Unsupervised change detection in data streams: an application in music analysis},
  author={Vallim, Rosane MM and de Mello, Rodrigo F},
  journal={Progress in Artificial Intelligence},
  volume={4},
  number={1-2},
  pages={1--10},
  year={2015},
  publisher={Springer}
}