

@inproceedings{zer13,
   author="E. Zermelo",
   title="{\"U}ber eine Anwendung der Mengenlehre auf die Theorie
des Schachspiels",
    booktitle="Proceedings of the Fifth Congress of Mathematicians (Cambridge 1912)",
    publisher="Cambridge University Press",
    year="1913",
    pages="501-504"
}
